@article{MitzenmacherV22,
  author  = {Michael Mitzenmacher and
             Sergei Vassilvitskii},
  title   = {Algorithms with predictions},
  journal = {Commun. {ACM}},
  volume  = {65},
  number  = {7},
  pages   = {33--35},
  year    = {2022}
}

@article{LykourisV21,
  author  = {Thodoris Lykouris and
             Sergei Vassilvitskii},
  title   = {Competitive Caching with Machine Learned Advice},
  journal = {J. {ACM}},
  volume  = {68},
  number  = {4},
  pages   = {24:1--24:25},
  year    = {2021}
}

@inproceedings{Rohatgi20,
  author    = {Dhruv Rohatgi},
  title     = {Near-Optimal Bounds for Online Caching with Machine Learned Advice},
  booktitle = {Proceedings of the 2020 {ACM-SIAM} Symposium on Discrete Algorithms,
               {SODA} 2020},
  pages     = {1834--1845},
  publisher = {{SIAM}},
  year      = {2020}
}



@inproceedings{Wei20,
  author    = {Alexander Wei},
  title     = {Better and Simpler Learning-Augmented Online Caching},
  booktitle = {Approximation, Randomization, and Combinatorial Optimization. Algorithms
               and Techniques, {APPROX/RANDOM} 2020},
  series    = {LIPIcs},
  volume    = {176},
  pages     = {60:1--60:17},
  year      = {2020}
}

@book{randAlgos,
  author    = {Michael Mitzenmacher and
               Eli Upfal},
  title     = {Probability and Computing: Randomized Algorithms and Probabilistic
               Analysis},
  publisher = {Cambridge University Press},
  year      = {2005}
}

@article{AntoniadisCEPS23,
  author  = {Antonios Antoniadis and
             Christian Coester and
             Marek Eli{\'{a}}s and
             Adam Polak and
             Bertrand Simon},
  title   = {Online Metric Algorithms with Untrusted Predictions},
  journal = {{ACM} Trans. Algorithms},
  volume  = {19},
  number  = {2},
  pages   = {19:1--19:34},
  year    = {2023}
}



@article{JiangPS22,
  author  = {Zhihao Jiang and
             Debmalya Panigrahi and
             Kevin Sun},
  title   = {Online Algorithms for Weighted Paging with Predictions},
  journal = {{ACM} Trans. Algorithms},
  volume  = {18},
  number  = {4},
  pages   = {39:1--39:27},
  year    = {2022}
}



@article{FiatKLMSY91,
  author  = {Amos Fiat and
             Richard M. Karp and
             Michael Luby and
             Lyle A. McGeoch and
             Daniel Dominic Sleator and
             Neal E. Young},
  title   = {Competitive Paging Algorithms},
  journal = {J. Algorithms},
  volume  = {12},
  number  = {4},
  pages   = {685--699},
  year    = {1991}
}

@book{BorodinY98,
  author    = {Allan Borodin and
               Ran El{-}Yaniv},
  title     = {Online computation and competitive analysis},
  publisher = {Cambridge University Press},
  year      = {1998},
  isbn      = {978-0-521-56392-5}
}

@incollection{Roughgarden20a,
  author    = {Tim Roughgarden},
  title     = {Resource Augmentation},
  booktitle = {Beyond the Worst-Case Analysis of Algorithms},
  pages     = {72--92},
  publisher = {Cambridge University Press},
  year      = {2020}
}

@book{MotwaniR95,
  author    = {Rajeev Motwani and
               Prabhakar Raghavan},
  title     = {Randomized Algorithms},
  publisher = {Cambridge University Press},
  year      = {1995},
  url       = {https://doi.org/10.1017/cbo9780511814075},
  doi       = {10.1017/CBO9780511814075},
  isbn      = {0-521-47465-5},
  timestamp = {Thu, 02 Jan 2020 12:13:44 +0100},
  biburl    = {https://dblp.org/rec/books/cu/MotwaniR95.bib},
  bibsource = {dblp computer science bibliography, https://dblp.org}
}



@inproceedings{DinitzILMNV24,
  author    = {Michael Dinitz and
               Sungjin Im and
               Thomas Lavastida and
               Benjamin Moseley and
               Aidin Niaparast and
               Sergei Vassilvitskii},
  title     = {Binary Search with Distributional Predictions},
  booktitle = {Advances in Neural Information Processing Systems 38, NeurIPS 2024},
  year      = {2024}
}









